113963001178413935335390679224572143880757801869615147861234538763331944839730
109823557966900833060567352323260623768941241221754695194497175005425008890716
11500653984815792338979265422699783631464750877187812062155239659603886019570
104260500619217797021049919679866345503645634650721473251205733832602986889194
44931804808809552968948146038434490431030269293939311222621878543200449123284
7726592873066727396496882047999267849006652783120857119209776741410406189404
82942178558262994844588553103325122176176427776975569126015863646470120288884
64973768456225325822735099032451011172468882681213033248343338057205684178489
13876629801331971994822836598400478091125267077807121505509616577884807408105
103366832789259401291138448264462024095443921606535781155445648898460152677731
89237724868323601386502867473510519627811648381825932745358161003898472518696
13017907984438633545921208706460113754195586965407365251755815765445804590754
60058554554690880462726171695956696474948343063545190513815361636620139328367
112254301258209014068653409464235900071902664161694108031009402893865548639777
107627196438257753586976035512608135483601648246189031695979456381977790092099
91876956309580381060310089048354587171562763698355598670733751397896188666844
112868865342934228966779315988371239235661831188524784764636128658565427564482
7600404350919237445660434721002530021129561055304234781225317325121031774124
25627825260470965693411958651052538023321587938752177357528741052759086529371
17025237603596478789289004713729372893336333105541084103649601194494391303957
58849132158450696932406106456397241227730375586072953919770897709216163637650
43070449461349982627139551598818750284065989836142907190912983113276915171303
53204617435381340741382581675953633441968464498533060024378157164728261569026
113165605889932761744466220062661827503714944757843080044804691009570822844290
71329592149133425245141669672367666554392350361079351264881655388986871078060
86081570912967878078431288145486554170213149918635131857293286709009161637633
114029605392690191490011009301258099277909877804522845779137156369998360241805
39961005618671386250153477584510183602862697528101557596817795493789943933245
76574358651744229738316865860185159382821363987247055838573502751303215415944
72850418094898311687515473832973250765727603211363183177750565248492404494453
43744011618462905586153022679155408375335821563758014228491827414080362149066
4184190584645859842591532100928862742746139375293271225326475889209437572253
67326497800182425890713184797596003944457207733336697322394090028916613418010
79666824359023822170070172429137123537013825390025394422043561279728092833470
43213303707048668615169666951331562113562848436465562805421766462965877374944
83050463298477739292937982255080087743955568757217300085177888748454128444921
96580275057488714913358941623640705265586800616987112383233747105137156304262
45075583185149682379300354245241239595523663091124435690300714643926402962864
3178600145730867651779190295107154745877613753860019588833499200149909864589
38735318893158254633825882063603997071694606519014327935696670058769545725418
92386979864263703432506990528432620330883457566964442056629037727806192733212
3098332209714403598326048543677786906026780890670826272934485950820905031689
17104862853404260000556472229117011269646452733589304946188709094725474682418
3746625077476138728347593151075874101724372842862562561150456427504388775284
109036737109050283277869498109212570388851128816295522276507325245297885841562
41672520272323698763495700035742429392933893897282995835941038706056728571344
83326489143928577227978733023733134664984080579920939473077042667228827629852
88143686549596986239004058363069732843706823150633433324818189654109073915506
24026242440462755365011789095657023516447849986869427987553601615752744882864
52602317565023157083093388362341167871448797714287817926698636533186177701976
51525682684606536738207824113029531209687414014830084346925613869434374545612
67379207514828427992401969300582240202080419106215367638139422576112305419220
21574011663567464683093060544189614658327121366281456549961118942092091440923
83796497604292425508623908649346834213133026953059251587401320847517963954530
20213186006128286066294250893063220230153629171889835697471502924660248966161
82794508812285354873171908618908071323515740402808352401269277192341166837874
52459880969987452889553791897873783165817920031737871015397165959848084786683
45187273920752054451008793801377087096050727514764313410244739430122909899620
21939120121597753145780081974786061771666516886028552265391419354133998821137
112595937014294007303616109870369395765903436437842947832409304203501199252416
40796241559171291085495763890975544880700832351987926064541288709990908773150
58753810372585955298217233178222734094450322375256638440244495798333472458825
36176346884029928939392019371106288974477274214968176714268103375715793080212
19692234307052677832999987208210818643370811675135202735801945962139276620204
17339677985088104098386252327278644500520589343680436103708367445132409857596
107653573018982150407054986809831567175543926558173067765809329862207894835044
109589111796930367789836215818161366387743243659365917280968634838333252040304
54634000032007396353501953316098724399141874888530892355901818106223255307025
34399062220478623901583853421381418783693882540075595001491500311395246420844
67205909654011304350313614188935129681863220630886462871164898514350061498997
15345694464184185751181173494969622870044980275685714563751048404652302160632
33417156478584930666424243618291597873633414336359973821546164297172137088498
71717498355611150928226220138737769219439736353652293353664518862217050111469
3425370772831360786539398110279437835618273779638182785126559631695448183967
81729587881349339053306938879432850843918373521119422129189165470128641019761
85356715723231539826486641725580020092211211237460567736215093162628097152841
39985799126512504690325447374548987707959948935284099203475964810409048731389
10078680506941286548685454710697741087344080068956149559926364303386208091418
